@article{molina2017data,
  title={Data science for building energy management: A review},
  author={Molina-Solana, Miguel and Ros, Mar{\'\i}a and Ruiz, M Dolores and G{\'o}mez-Romero, Juan and Mart{\'\i}n-Bautista, Mar{\'\i}a J},
  journal={Renewable and Sustainable Energy Reviews},
  volume={70},
  pages={598--609},
  year={2017},
  publisher={Elsevier}
}

@article{vazquez2019reinforcement,
  title={Reinforcement learning for demand response: A review of algorithms and modeling techniques},
  author={V{\'a}zquez-Canteli, Jos{\'e} R and Nagy, Zolt{\'a}n},
  journal={Applied energy},
  volume={235},
  pages={1072--1089},
  year={2019},
  publisher={Elsevier}
}

@inproceedings{mckee2020deep,
  title={Deep Reinforcement Learning for Residential HVAC Control with Consideration of Human Occupancy},
  author={McKee, Evan and Du, Yan and Li, Fangxing and Munk, Jeffrey and Johnston, Travis and Kurte, Kuldeep and Kotevska, Olivera and Amasyali, Kadir and Zandi, Helia},
  booktitle={2020 IEEE Power \& Energy Society General Meeting (PESGM)},
  pages={1--5},
  year={2020},
  organization={IEEE}
}

@article{du2021intelligent,
  title={Intelligent multi-zone residential HVAC control strategy based on deep reinforcement learning},
  author={Du, Yan and Zandi, Helia and Kotevska, Olivera and Kurte, Kuldeep and Munk, Jeffery and Amasyali, Kadir and Mckee, Evan and Li, Fangxing},
  journal={Applied Energy},
  volume={281},
  pages={116117},
  year={2021},
  publisher={Elsevier}
}

@inproceedings{zhang2018practical,
  title={Practical implementation and evaluation of deep reinforcement learning control for a radiant heating system},
  author={Zhang, Zhiang and Lam, Khee Poh},
  booktitle={Proceedings of the 5th Conference on Systems for Built Environments},
  pages={148--157},
  year={2018}
}

@book{garcia2012heat,
  title={Heat and cooling demand and market perspective},
  author={Garcia, Nicolas Pardo and Vatopoulos, Konstaninos and Krook-Riekkola, Anna and Rivera, Jose Antonio Moya and Lopez, Alicia Perez},
  year={2012},
  publisher={Publications Office of the European Union}
}

@book{sutton2018reinforcement,
  title={Reinforcement learning: An introduction},
  author={Sutton, Richard S and Barto, Andrew G},
  year={2018},
  publisher={MIT press}
}

@book{morales2020grokking,
  title={Grokking Deep Reinforcement Learning},
  author={Morales, M.},
  isbn={9781617295454},
  year={2020},
  publisher={Manning Publications}
}

@article{bellman1966dynamic,
  title={Dynamic programming},
  author={Bellman, Richard},
  journal={Science},
  volume={153},
  number={3731},
  pages={34--37},
  year={1966},
  publisher={American Association for the Advancement of Science}
}

@incollection{zhang2020taxonomy,
  title={Taxonomy of Reinforcement Learning Algorithms},
  author={Zhang, Hongming and Yu, Tianyang},
  booktitle={Deep Reinforcement Learning},
  pages={125--133},
  year={2020},
  publisher={Springer}
}

@article{watkins1992q,
  title={Q-learning},
  author={Watkins, Christopher JCH and Dayan, Peter},
  journal={Machine learning},
  volume={8},
  number={3-4},
  pages={279--292},
  year={1992},
  publisher={Springer}
}

@book{zai2020deep,
  title={Deep reinforcement learning in action},
  author={Zai, Alexander and Brown, Brandon},
  year={2020},
  publisher={Manning Publications}
}

@article{mnih2013playing,
  title={Playing atari with deep reinforcement learning},
  author={Mnih, Volodymyr and Kavukcuoglu, Koray and Silver, David and Graves, Alex and Antonoglou, Ioannis and Wierstra, Daan and Riedmiller, Martin},
  journal={arXiv preprint arXiv:1312.5602},
  year={2013}
}

@article{mnih2015human,
  title={Human-level control through deep reinforcement learning},
  author={Mnih, Volodymyr and Kavukcuoglu, Koray and Silver, David and Rusu, Andrei A and Veness, Joel and Bellemare, Marc G and Graves, Alex and Riedmiller, Martin and Fidjeland, Andreas K and Ostrovski, Georg and others},
  journal={nature},
  volume={518},
  number={7540},
  pages={529--533},
  year={2015},
  publisher={Nature Publishing Group}
}

@inproceedings{van2016deep,
  title={Deep reinforcement learning with double q-learning},
  author={Van Hasselt, Hado and Guez, Arthur and Silver, David},
  booktitle={Proceedings of the AAAI Conference on Artificial Intelligence},
  volume={30},
  number={1},
  year={2016}
}

@article{schaul2015prioritized,
  title={Prioritized experience replay},
  author={Schaul, Tom and Quan, John and Antonoglou, Ioannis and Silver, David},
  journal={arXiv preprint arXiv:1511.05952},
  year={2015}
}

@inproceedings{wang2016dueling,
  title={Dueling network architectures for deep reinforcement learning},
  author={Wang, Ziyu and Schaul, Tom and Hessel, Matteo and Hasselt, Hado and Lanctot, Marc and Freitas, Nando},
  booktitle={International conference on machine learning},
  pages={1995--2003},
  year={2016},
  organization={PMLR}
}

@article{schulman2017proximal,
  title={Proximal policy optimization algorithms},
  author={Schulman, John and Wolski, Filip and Dhariwal, Prafulla and Radford, Alec and Klimov, Oleg},
  journal={arXiv preprint arXiv:1707.06347},
  year={2017}
}

@article{hsu2020revisiting,
  title={Revisiting Design Choices in Proximal Policy Optimization},
  author={Hsu, Chloe Ching-Yun and Mendler-D{\"u}nner, Celestine and Hardt, Moritz},
  journal={arXiv preprint arXiv:2009.10897},
  year={2020}
}


@inproceedings{schulman2015trust,
  title={Trust region policy optimization},
  author={Schulman, John and Levine, Sergey and Abbeel, Pieter and Jordan, Michael and Moritz, Philipp},
  booktitle={International conference on machine learning},
  pages={1889--1897},
  year={2015},
  organization={PMLR}
}

@inproceedings{mnih2016asynchronous,
  title={Asynchronous methods for deep reinforcement learning},
  author={Mnih, Volodymyr and Badia, Adria Puigdomenech and Mirza, Mehdi and Graves, Alex and Lillicrap, Timothy and Harley, Tim and Silver, David and Kavukcuoglu, Koray},
  booktitle={International conference on machine learning},
  pages={1928--1937},
  year={2016},
  organization={PMLR}
}

@article{lillicrap2015continuous,
  title={Continuous control with deep reinforcement learning},
  author={Lillicrap, Timothy P and Hunt, Jonathan J and Pritzel, Alexander and Heess, Nicolas and Erez, Tom and Tassa, Yuval and Silver, David and Wierstra, Daan},
  journal={arXiv preprint arXiv:1509.02971},
  year={2015}
}

@inproceedings{silver2014deterministic,
  title={Deterministic policy gradient algorithms},
  author={Silver, David and Lever, Guy and Heess, Nicolas and Degris, Thomas and Wierstra, Daan and Riedmiller, Martin},
  booktitle={International conference on machine learning},
  pages={387--395},
  year={2014},
  organization={PMLR}
}

@inproceedings{sutton1999policy,
  title={Policy gradient methods for reinforcement learning with function approximation.},
  author={Sutton, Richard S and McAllester, David A and Singh, Satinder P and Mansour, Yishay and others},
  booktitle={NIPs},
  volume={99},
  pages={1057--1063},
  year={1999},
  organization={Citeseer}
}

@inproceedings{haarnoja2018soft,
  title={Soft actor-critic: Off-policy maximum entropy deep reinforcement learning with a stochastic actor},
  author={Haarnoja, Tuomas and Zhou, Aurick and Abbeel, Pieter and Levine, Sergey},
  booktitle={International Conference on Machine Learning},
  pages={1861--1870},
  year={2018},
  organization={PMLR}
}

@article{zhang2019whole,
  title={Whole building energy model for HVAC optimal control: A practical framework based on deep reinforcement learning},
  author={Zhang, Zhiang and Chong, Adrian and Pan, Yuqi and Zhang, Chenlu and Lam, Khee Poh},
  journal={Energy and Buildings},
  volume={199},
  pages={472--490},
  year={2019},
  publisher={Elsevier}
}

@article{vazquez2019fusing,
  title={Fusing TensorFlow with building energy simulation for intelligent energy management in smart cities},
  author={V{\'a}zquez-Canteli, Jos{\'e} R and Ulyanin, Stepan and K{\"a}mpf, J{\'e}r{\^o}me and Nagy, Zolt{\'a}n},
  journal={Sustainable cities and society},
  volume={45},
  pages={243--257},
  year={2019},
  publisher={Elsevier}
}

@inproceedings{moriyama2018reinforcement,
  title={Reinforcement learning testbed for power-consumption optimization},
  author={Moriyama, Takao and De Magistris, Giovanni and Tatsubori, Michiaki and Pham, Tu-Hoa and Munawar, Asim and Tachibana, Ryuki},
  booktitle={Asian Simulation Conference},
  pages={45--59},
  year={2018},
  organization={Springer}
}

@inproceedings{wetter2019ibpsa,
  title={IBPSA Project 1: BIM/GIS and Modelica framework for building and community energy system design and operation--ongoing developments, lessons learned and challenges},
  author={Wetter, Michael and van Treeck, Christoph and Helsen, Lieve and Maccarini, Alessandro and Saelens, Dirk and Robinson, Darren and Schweiger, Gerald},
  booktitle={IOP Conference Series: Earth and Environmental Science},
  volume={323},
  number={1},
  pages={012114},
  year={2019},
  organization={IOP Publishing}
}

@article{bucsoniu2018reinforcement,
  title={Reinforcement learning for control: Performance, stability, and deep approximators},
  author={Bu{\c{s}}oniu, Lucian and de Bruin, Tim and Toli{\'c}, Domagoj and Kober, Jens and Palunko, Ivana},
  journal={Annual Reviews in Control},
  volume={46},
  pages={8--28},
  year={2018},
  publisher={Elsevier}
}

@article{brandi2020deep,
  title={Deep Reinforcement Learning to optimise indoor temperature control and heating energy consumption in buildings},
  author={Brandi, Silvio and Piscitelli, Marco Savino and Martellacci, Marco and Capozzoli, Alfonso},
  journal={Energy and Buildings},
  volume={224},
  pages={110225},
  year={2020},
  publisher={Elsevier}
}

@inproceedings{zhang2018deep,
  title={A deep reinforcement learning approach to using whole building energy model for hvac optimal control},
  author={Zhang, Zhiang and Chong, Adrian and Pan, Yuqi and Zhang, Chenlu and Lu, Siliang and Lam, Khee Poh},
  booktitle={2018 Building Performance Analysis Conference and SimBuild},
  volume={3},
  pages={22--23},
  year={2018}
}

@article{vazquez2017balancing,
  title={Balancing comfort and energy consumption of a heat pump using batch reinforcement learning with fitted Q-iteration},
  author={V{\'a}zquez-Canteli, Jos{\'e} and K{\"a}mpf, J{\'e}r{\^o}me and Nagy, Zolt{\'a}n},
  journal={Energy Procedia},
  volume={122},
  pages={415--420},
  year={2017},
  publisher={Elsevier}
}

@article{fazenda2014using,
  title={Using reinforcement learning to optimize occupant comfort and energy usage in HVAC systems},
  author={Fazenda, Pedro and Veeramachaneni, Kalyan and Lima, Pedro and O'Reilly, Una-May},
  journal={Journal of Ambient Intelligence and Smart Environments},
  volume={6},
  number={6},
  pages={675--690},
  year={2014},
  publisher={IOS Press}
}

@article{costanzo2016experimental,
  title={Experimental analysis of data-driven control for a building heating system},
  author={Costanzo, Giuseppe Tommaso and Iacovella, Sandro and Ruelens, Frederik and Leurs, Tim and Claessens, Bert J},
  journal={Sustainable Energy, Grids and Networks},
  volume={6},
  pages={81--90},
  year={2016},
  publisher={Elsevier}
}

@article{valladares2019energy,
  title={Energy optimization associated with thermal comfort and indoor air control via a deep reinforcement learning algorithm},
  author={Valladares, William and Galindo, Marco and Guti{\'e}rrez, Jorge and Wu, Wu-Chieh and Liao, Kuo-Kai and Liao, Jen-Chung and Lu, Kuang-Chin and Wang, Chi-Chuan},
  journal={Building and Environment},
  volume={155},
  pages={105--117},
  year={2019},
  publisher={Elsevier}
}

@article{wang2017long,
  title={A long-short term memory recurrent neural network based reinforcement learning controller for office heating ventilation and air conditioning systems},
  author={Wang, Yuan and Velswamy, Kirubakaran and Huang, Biao},
  journal={Processes},
  volume={5},
  number={3},
  pages={46},
  year={2017},
  publisher={Multidisciplinary Digital Publishing Institute}
}

@inproceedings{wei2017deep,
  title={Deep reinforcement learning for building HVAC control},
  author={Wei, Tianshu and Wang, Yanzhi and Zhu, Qi},
  booktitle={Proceedings of the 54th annual design automation conference 2017},
  pages={1--6},
  year={2017}
}

@article{ansi2004standard,
  title={Standard 55—Thermal Environmental Conditions for Human Occupancy},
  author={ANSI, ASHRAE and ASHRAE, M},
  journal={ASHRAE, Atlanta},
  year={2004}
}

@article{chen2018optimal,
  title={Optimal control of HVAC and window systems for natural ventilation through reinforcement learning},
  author={Chen, Yujiao and Norford, Leslie K and Samuelson, Holly W and Malkawi, Ali},
  journal={Energy and Buildings},
  volume={169},
  pages={195--205},
  year={2018},
  publisher={Elsevier}
}

@article{anderson1997synthesis,
  title={Synthesis of reinforcement learning, neural networks and PI control applied to a simulated heating coil},
  author={Anderson, Charles W and Hittle, Douglas C and Katz, Alon D and Kretchmar, R Matt},
  journal={Artificial Intelligence in Engineering},
  volume={11},
  number={4},
  pages={421--429},
  year={1997},
  publisher={Elsevier}
}

@inproceedings{mozer1998neural,
  title={The neural network house: An environment hat adapts to its inhabitants},
  author={Mozer, Michael C},
  booktitle={Proc. AAAI Spring Symp. Intelligent Environments},
  volume={58},
  year={1998}
}

@article{du2008two,
  title={A two-layer networked learning control system using actor--critic neural network},
  author={Du, Dajun and Fei, Minrui},
  journal={Applied mathematics and computation},
  volume={205},
  number={1},
  pages={26--36},
  year={2008},
  publisher={Elsevier}
}

@article{henze2003evaluation,
  title={Evaluation of reinforcement learning control for thermal energy storage systems},
  author={Henze, Gregor P and Schoenmann, Jobst},
  journal={HVAC\&R Research},
  volume={9},
  number={3},
  pages={259--275},
  year={2003},
  publisher={Taylor \& Francis}
}

@article{liu2007evaluation,
  title={Evaluation of reinforcement learning for optimal control of building active and passive thermal storage inventory},
  author={Liu, Simeng and Henze, Gregor P},
  journal={Journal of Solar Energy Engineering},
  year={2007}
}

@article{liu2006experimental,
  title={Experimental analysis of simulated reinforcement learning control for active and passive building thermal storage inventory: Part 2: Results and analysis},
  author={Liu, Simeng and Henze, Gregor P},
  journal={Energy and buildings},
  volume={38},
  number={2},
  pages={148--161},
  year={2006},
  publisher={Elsevier}
}

@article{sun2015event,
  title={Event-based optimization within the Lagrangian relaxation framework for energy savings in HVAC systems},
  author={Sun, Biao and Luh, Peter B and Jia, Qing-Shan and Yan, Bing},
  journal={IEEE Transactions on Automation Science and Engineering},
  volume={12},
  number={4},
  pages={1396--1406},
  year={2015},
  publisher={IEEE}
}

@inproceedings{barrett2015autonomous,
  title={Autonomous HVAC control, a reinforcement learning approach},
  author={Barrett, Enda and Linder, Stephen},
  booktitle={Joint European conference on machine learning and knowledge discovery in databases},
  pages={3--19},
  year={2015},
  organization={Springer}
}

@article{dalamagkidis2007reinforcement,
  title={Reinforcement learning for energy conservation and comfort in buildings},
  author={Dalamagkidis, Konstantinos and Kolokotsa, Denia and Kalaitzakis, Konstantinos and Stavrakakis, George S},
  journal={Building and environment},
  volume={42},
  number={7},
  pages={2686--2698},
  year={2007},
  publisher={Elsevier}
}

@inproceedings{li2015multi,
  title={A multi-grid reinforcement learning method for energy conservation and comfort of HVAC in buildings},
  author={Li, Bocheng and Xia, Li},
  booktitle={2015 IEEE International Conference on Automation Science and Engineering (CASE)},
  pages={444--449},
  year={2015},
  organization={IEEE}
}

@article{yu2010online,
  title={Online tuning of a supervisory fuzzy controller for low-energy building system using reinforcement learning},
  author={Yu, Zhen and Dexter, Arthur},
  journal={Control Engineering Practice},
  volume={18},
  number={5},
  pages={532--539},
  year={2010},
  publisher={Elsevier}
}

@inproceedings{urieli2013learning,
  title={A learning agent for heat-pump thermostat control},
  author={Urieli, Daniel and Stone, Peter},
  booktitle={Proceedings of the 2013 international conference on Autonomous agents and multi-agent systems},
  pages={1093--1100},
  year={2013},
}

@article{ruelens2015learning,
  title={Learning agent for a heat-pump thermostat with a set-back strategy using model-free reinforcement learning},
  author={Ruelens, Frederik and Iacovella, Sandro and Claessens, Bert J and Belmans, Ronnie},
  journal={Energies},
  volume={8},
  number={8},
  pages={8300--8318},
  year={2015},
  publisher={Multidisciplinary Digital Publishing Institute}
}

@inproceedings{yuan2020study,
  title={Study on the application of reinforcement learning in the operation optimization of HVAC system},
  author={Yuan, Xiaolei and Pan, Yiqun and Yang, Jianrong and Wang, Weitong and Huang, Zhizhong},
  booktitle={Building Simulation},
  pages={1--13},
  year={2020},
  organization={Springer}
}

@article{mason2019review,
  title={A review of reinforcement learning for autonomous building energy management},
  author={Mason, Karl and Grijalva, Santiago},
  journal={Computers \& Electrical Engineering},
  volume={78},
  pages={300--312},
  year={2019},
  publisher={Elsevier}
}

@article{azuatalam2020reinforcement,
  title={Reinforcement learning for whole-building HVAC control and demand response},
  author={Azuatalam, Donald and Lee, Wee-Lih and de Nijs, Frits and Liebman, Ariel},
  journal={Energy and AI},
  volume={2},
  pages={100020},
  year={2020},
  publisher={Elsevier}
}

@book{jurney2017agile,
  title={Agile data science 2.0: Building full-stack data analytics applications with spark},
  author={Jurney, Russell},
  year={2017},
  publisher={O'Reilly Media Inc}
}

@misc{center2013determining,
  title={Determining Appropriate Heating and Cooling Thermostat Set Points for Building Energy Simulations for Residential Buildings in North America},
  author={{Florida Solar Energy Center}},
  year={2013}
}

@inproceedings{brenneche2012secure,
  title={Secure, Clean and Efficient Energy},
  author={Brenneche, Nicolaj Tofte},
  booktitle={Visions for Horizon 2020: From Copenhagen Research Forum},
  pages={39--48},
  year={2012},
  organization={Danmarks Tekniske Universitet}
}

@article{mavrik2011advanced,
  title={Advanced HVAC control: Theory vs. reality},
  author={Ma{\v{r}}{\'i}k, Karel and Roj{\'i}{\v{c}}ek, Ji{\v{r}}{\'i} and Stluka, Petr and Vass, Ji{\v{r}}{\'i}},
  journal={IFAC Proceedings Volumes},
  volume={44},
  number={1},
  pages={3108--3113},
  year={2011},
  publisher={Elsevier}
}

@article{yang2015reinforcement,
  title={Reinforcement learning for optimal control of low exergy buildings},
  author={Yang, Lei and Nagy, Zoltan and Goffin, Philippe and Schlueter, Arno},
  journal={Applied Energy},
  volume={156},
  pages={577--586},
  year={2015},
  publisher={Elsevier}
}

@article{portelas2020automatic,
  title={Automatic curriculum learning for deep rl: A short survey},
  author={Portelas, R{\'e}my and Colas, C{\'e}dric and Weng, Lilian and Hofmann, Katja and Oudeyer, Pierre-Yves},
  journal={arXiv preprint arXiv:2003.04664},
  year={2020}
}

@article{narvekar2020curriculum,
  title={Curriculum learning for reinforcement learning domains: A framework and survey},
  author={Narvekar, Sanmit and Peng, Bei and Leonetti, Matteo and Sinapov, Jivko and Taylor, Matthew E and Stone, Peter},
  journal={Journal of Machine Learning Research},
  volume={21},
  number={181},
  pages={1--50},
  year={2020}
}

@article{yu2020multi,
  title={Multi-agent deep reinforcement learning for HVAC control in commercial buildings},
  author={Yu, Liang and Sun, Yi and Xu, Zhanbo and Shen, Chao and Yue, Dong and Jiang, Tao and Guan, Xiaohong},
  journal={IEEE Transactions on Smart Grid},
  volume={12},
  number={1},
  pages={407--419},
  year={2020},
  publisher={IEEE}
}

@article{li2021towards,
  title={Towards Intelligent Multi-Zone Thermal Control with Multi-Agent Deep Reinforcement Learning},
  author={Li, Jie and Zhang, Wei and Gao, Guanyu and Wen, Yonggang and Jin, Guangyu and Christopoulos, Georgios},
  journal={IEEE Internet of Things Journal},
  year={2021},
  publisher={IEEE}
}

@inproceedings{nagarathinam2020marco,
  title={MARCO-Multi-Agent Reinforcement learning based COntrol of building HVAC systems},
  author={Nagarathinam, Srinarayana and Menon, Vishnu and Vasan, Arunchandar and Sivasubramaniam, Anand},
  booktitle={Proceedings of the Eleventh ACM International Conference on Future Energy Systems},
  pages={57--67},
  year={2020}
}

@article{wang2020reinforcement,
  title={Reinforcement learning for building controls: The opportunities and challenges},
  author={Wang, Zhe and Hong, Tianzhen},
  journal={Applied Energy},
  volume={269},
  pages={115036},
  year={2020},
  publisher={Elsevier}
}


